%% This BibTeX bibliography file was created using BibDesk.
%% http://bibdesk.sourceforge.net/

%% Created for Rudolf HÃ¶hn at 2017-12-20 9:59:42 AM +0100 


%% Saved with string encoding Unicode (UTF-8) 


@comment{jabref-meta: databaseType:bibtex;}



@url{tf.word2vec,
	Author = {Google},
	Date-Added = {2017-12-20 8:54:19 AM +0000},
	Date-Modified = {2017-12-20 8:58:52 AM +0000},
	Lastchecked = {20.12.2017},
	Month = {11},
	Title = {Vector Representations of Words },
	Url = {https://www.tensorflow.org/tutorials/word2vec},
	Year = {2017}}

@misc{chollet2015keras,
	Author = {Chollet, Fran\c{c}ois and others},
	Date-Added = {2017-12-19 3:33:56 PM +0000},
	Date-Modified = {2017-12-19 3:33:56 PM +0000},
	Howpublished = {\url{https://github.com/fchollet/keras}},
	Publisher = {GitHub},
	Title = {Keras},
	Year = {2015}}

@misc{tensorflow2015-whitepaper,
	Author = {Mart\'{\i}n~Abadi and Ashish~Agarwal and Paul~Barham and Eugene~Brevdo and Zhifeng~Chen and Craig~Citro and Greg~S.~Corrado and Andy~Davis and Jeffrey~Dean and Matthieu~Devin and Sanjay~Ghemawat and Ian~Goodfellow and Andrew~Harp and Geoffrey~Irving and Michael~Isard and Yangqing Jia and Rafal~Jozefowicz and Lukasz~Kaiser and Manjunath~Kudlur and Josh~Levenberg and Dan~Man\'{e} and Rajat~Monga and Sherry~Moore and Derek~Murray and Chris~Olah and Mike~Schuster and Jonathon~Shlens and Benoit~Steiner and Ilya~Sutskever and Kunal~Talwar and Paul~Tucker and Vincent~Vanhoucke and Vijay~Vasudevan and Fernanda~Vi\'{e}gas and Oriol~Vinyals and Pete~Warden and Martin~Wattenberg and Martin~Wicke and Yuan~Yu and Xiaoqiang~Zheng},
	Date-Added = {2017-12-19 2:48:24 PM +0000},
	Date-Modified = {2017-12-19 2:48:24 PM +0000},
	Note = {Software available from tensorflow.org},
	Title = {{TensorFlow}: Large-Scale Machine Learning on Heterogeneous Systems},
	Url = {https://www.tensorflow.org/},
	Year = {2015},
	Bdsk-Url-1 = {https://www.tensorflow.org/}}

@article{1703.01619,
	Archiveprefix = {arXiv},
	Author = {Graham Neubig},
	Bibsource = {dblp computer science bibliography, http://dblp.org},
	Biburl = {http://dblp.org/rec/bib/journals/corr/Neubig17},
	Date-Added = {2017-12-19 2:16:23 PM +0000},
	Date-Modified = {2017-12-19 2:16:29 PM +0000},
	Eprint = {1703.01619},
	Journal = {CoRR},
	Timestamp = {Wed, 07 Jun 2017 14:40:22 +0200},
	Title = {Neural Machine Translation and Sequence-to-sequence Models: {A} Tutorial},
	Url = {http://arxiv.org/abs/1703.01619},
	Volume = {abs/1703.01619},
	Year = {2017},
	Bdsk-Url-1 = {http://arxiv.org/abs/1703.01619}}

@article{1706.05125,
	Archiveprefix = {arXiv},
	Author = {Mike Lewis and Denis Yarats and Yann N. Dauphin and Devi Parikh and Dhruv Batra},
	Bibsource = {dblp computer science bibliography, http://dblp.org},
	Biburl = {http://dblp.org/rec/bib/journals/corr/LewisYDPB17},
	Date-Added = {2017-12-19 10:09:26 AM +0000},
	Date-Modified = {2017-12-19 10:09:33 AM +0000},
	Eprint = {1706.05125},
	Journal = {CoRR},
	Timestamp = {Mon, 03 Jul 2017 13:29:02 +0200},
	Title = {Deal or No Deal? End-to-End Learning for Negotiation Dialogues},
	Url = {http://arxiv.org/abs/1706.05125},
	Volume = {abs/1706.05125},
	Year = {2017},
	Bdsk-Url-1 = {http://arxiv.org/abs/1706.05125}}

@url{rnn.karpathy,
	Author = {Andrej Karpathy},
	Date-Added = {2017-12-19 9:07:08 AM +0000},
	Date-Modified = {2017-12-20 8:58:37 AM +0000},
	Keywords = {rnn},
	Lastchecked = {19.12.2017},
	Month = {05},
	Title = {The Unreasonable Effectiveness of Recurrent Neural Networks},
	Url = {http://karpathy.github.io/2015/05/21/rnn-effectiveness/},
	Year = {2015}}

@url{tensorflow.nmt,
	Author = {Thang Luong, Eugene Brevdo, Rui Zhao},
	Date-Added = {2017-12-19 9:05:57 AM +0000},
	Date-Modified = {2017-12-20 8:59:22 AM +0000},
	Keywords = {nmt},
	Lastchecked = {19.12.2017},
	Month = {12},
	Title = {Neural Machine Translation (seq2seq) Tutorial},
	Url = {https://github.com/tensorflow/nmt},
	Year = {2017}}

@article{1603.08023,
	Archiveprefix = {arXiv},
	Author = {Chia{-}Wei Liu and Ryan Lowe and Iulian Vlad Serban and Michael Noseworthy and Laurent Charlin and Joelle Pineau},
	Bibsource = {dblp computer science bibliography, http://dblp.org},
	Biburl = {http://dblp.org/rec/bib/journals/corr/LiuLSNCP16},
	Date-Added = {2017-12-18 4:58:53 PM +0000},
	Date-Modified = {2017-12-18 4:58:59 PM +0000},
	Eprint = {1603.08023},
	Journal = {CoRR},
	Timestamp = {Wed, 07 Jun 2017 14:40:16 +0200},
	Title = {How {NOT} To Evaluate Your Dialogue System: An Empirical Study of Unsupervised Evaluation Metrics for Dialogue Response Generation},
	Url = {http://arxiv.org/abs/1603.08023},
	Volume = {abs/1603.08023},
	Year = {2016},
	Bdsk-Url-1 = {http://arxiv.org/abs/1603.08023}}

@article{1301.3781,
	Archiveprefix = {arXiv},
	Author = {Tomas Mikolov and Kai Chen and Greg Corrado and Jeffrey Dean},
	Bibsource = {dblp computer science bibliography, http://dblp.org},
	Biburl = {http://dblp.org/rec/bib/journals/corr/abs-1301-3781},
	Date-Added = {2017-12-18 4:56:28 PM +0000},
	Date-Modified = {2017-12-18 4:56:45 PM +0000},
	Eprint = {1301.3781},
	Journal = {CoRR},
	Timestamp = {Wed, 07 Jun 2017 14:42:25 +0200},
	Title = {Efficient Estimation of Word Representations in Vector Space},
	Url = {http://arxiv.org/abs/1301.3781},
	Volume = {abs/1301.3781},
	Year = {2013},
	Bdsk-Url-1 = {http://arxiv.org/abs/1301.3781}}

@article{1409.3215,
	Archiveprefix = {arXiv},
	Author = {Ilya Sutskever and Oriol Vinyals and Quoc V. Le},
	Bibsource = {dblp computer science bibliography, http://dblp.org},
	Biburl = {http://dblp.org/rec/bib/journals/corr/SutskeverVL14},
	Date-Added = {2017-12-18 4:54:05 PM +0000},
	Date-Modified = {2017-12-18 4:56:38 PM +0000},
	Eprint = {1409.3215},
	Journal = {CoRR},
	Timestamp = {Wed, 07 Jun 2017 14:40:10 +0200},
	Title = {Sequence to Sequence Learning with Neural Networks},
	Url = {http://arxiv.org/abs/1409.3215},
	Volume = {abs/1409.3215},
	Year = {2014},
	Bdsk-Url-1 = {http://arxiv.org/abs/1409.3215}}

@inproceedings{5021.mikolov2013distributed,
	Author = {Mikolov, Tomas and Sutskever, Ilya and Chen, Kai and Corrado, Greg S and Dean, Jeff},
	Booktitle = {Advances in neural information processing systems},
	Date-Added = {2017-12-18 4:53:02 PM +0000},
	Date-Modified = {2017-12-18 4:53:25 PM +0000},
	Pages = {3111--3119},
	Title = {Distributed representations of words and phrases and their compositionality},
	Year = {2013}}

@article{1508.04025,
	Archiveprefix = {arXiv},
	Author = {Minh{-}Thang Luong and Hieu Pham and Christopher D. Manning},
	Bibsource = {dblp computer science bibliography, http://dblp.org},
	Biburl = {http://dblp.org/rec/bib/journals/corr/LuongPM15},
	Date-Added = {2017-12-18 4:51:22 PM +0000},
	Date-Modified = {2017-12-18 4:51:29 PM +0000},
	Eprint = {1508.04025},
	Journal = {CoRR},
	Timestamp = {Wed, 07 Jun 2017 14:41:36 +0200},
	Title = {Effective Approaches to Attention-based Neural Machine Translation},
	Url = {http://arxiv.org/abs/1508.04025},
	Volume = {abs/1508.04025},
	Year = {2015},
	Bdsk-Url-1 = {http://arxiv.org/abs/1508.04025}}

@article{1503.02364,
	Archiveprefix = {arXiv},
	Author = {Lifeng Shang and Zhengdong Lu and Hang Li},
	Bibsource = {dblp computer science bibliography, http://dblp.org},
	Biburl = {http://dblp.org/rec/bib/journals/corr/ShangLL15},
	Date-Added = {2017-12-18 4:50:13 PM +0000},
	Date-Modified = {2017-12-18 4:50:23 PM +0000},
	Eprint = {1503.02364},
	Journal = {CoRR},
	Timestamp = {Wed, 07 Jun 2017 14:42:50 +0200},
	Title = {Neural Responding Machine for Short-Text Conversation},
	Url = {http://arxiv.org/abs/1503.02364},
	Volume = {abs/1503.02364},
	Year = {2015},
	Bdsk-Url-1 = {http://arxiv.org/abs/1503.02364}}

@article{1507.04808,
	Archiveprefix = {arXiv},
	Author = {Iulian Vlad Serban and Alessandro Sordoni and Yoshua Bengio and Aaron C. Courville and Joelle Pineau},
	Bibsource = {dblp computer science bibliography, http://dblp.org},
	Biburl = {http://dblp.org/rec/bib/journals/corr/SerbanSBCP15},
	Date-Added = {2017-12-18 4:49:05 PM +0000},
	Date-Modified = {2017-12-18 4:49:25 PM +0000},
	Eprint = {1507.04808},
	Journal = {CoRR},
	Timestamp = {Wed, 07 Jun 2017 14:40:30 +0200},
	Title = {Hierarchical Neural Network Generative Models for Movie Dialogues},
	Url = {http://arxiv.org/abs/1507.04808},
	Volume = {abs/1507.04808},
	Year = {2015},
	Bdsk-Url-1 = {http://arxiv.org/abs/1507.04808}}

@article{1506.05869,
	Archiveprefix = {arXiv},
	Author = {Oriol Vinyals and Quoc V. Le},
	Bibsource = {dblp computer science bibliography, http://dblp.org},
	Biburl = {http://dblp.org/rec/bib/journals/corr/VinyalsL15},
	Date-Added = {2017-12-18 4:47:03 PM +0000},
	Date-Modified = {2017-12-18 4:47:17 PM +0000},
	Eprint = {1506.05869},
	Journal = {CoRR},
	Timestamp = {Wed, 07 Jun 2017 14:40:25 +0200},
	Title = {A Neural Conversational Model},
	Url = {http://arxiv.org/abs/1506.05869},
	Volume = {abs/1506.05869},
	Year = {2015},
	Bdsk-Url-1 = {http://arxiv.org/abs/1506.05869}}

@article{scikit-learn,
	Author = {Pedregosa, F. and Varoquaux, G. and Gramfort, A. and Michel, V. and Thirion, B. and Grisel, O. and Blondel, M. and Prettenhofer, P. and Weiss, R. and Dubourg, V. and Vanderplas, J. and Passos, A. and Cournapeau, D. and Brucher, M. and Perrot, M. and Duchesnay, E.},
	Journal = {Journal of Machine Learning Research},
	Pages = {2825--2830},
	Title = {Scikit-learn: Machine Learning in {P}ython},
	Volume = {12},
	Year = {2011}}

@article{Weizenbaum:1966:ECP:365153.365168,
	Acmid = {365168},
	Address = {New York, NY, USA},
	Author = {Weizenbaum, Joseph},
	Doi = {10.1145/365153.365168},
	Issn = {0001-0782},
	Issue_Date = {Jan. 1966},
	Journal = {Commun. ACM},
	Month = jan,
	Number = {1},
	Numpages = {10},
	Pages = {36--45},
	Publisher = {ACM},
	Title = {ELIZA\&Mdash;a Computer Program for the Study of Natural Language Communication Between Man and Machine},
	Url = {http://doi.acm.org/10.1145/365153.365168},
	Volume = {9},
	Year = {1966},
	Bdsk-Url-1 = {http://doi.acm.org/10.1145/365153.365168},
	Bdsk-Url-2 = {https://dx.doi.org/10.1145/365153.365168}}
